@book{guidorizzi1,
  title={Um Curso de C{\'a}lculo-vol. 1, 5a. edi{\c{c}}{\~a}o},
  author={Guidorizzi, Hamilton Luiz},
  publisher={LTC, Rio de Janeiro},
  year={2001}
}
@book{guidorizzi2,
  title={Um Curso de C{\'a}lculo-vol. 2, 5a. edi{\c{c}}{\~a}o},
  author={Guidorizzi, Hamilton Luiz},
  publisher={LTC, Rio de Janeiro},
  year={2001}
}
@book{guidorizzi3,
  title={Um Curso de C{\'a}lculo-vol. 3, 5a. edi{\c{c}}{\~a}o},
  author={Guidorizzi, Hamilton Luiz},
  publisher={LTC, Rio de Janeiro},
  year={2001}
}
@book{guidorizzi4,
  title={Um Curso de C{\'a}lculo-vol. 4, 5a. edi{\c{c}}{\~a}o},
  author={Guidorizzi, Hamilton Luiz},
  publisher={LTC, Rio de Janeiro},
  year={2001}
}
@book{reisesilva,
  title={Geometr{\'\i}a anal{\'\i}tica},
  author={dos Reis, Genesio Lima and da Silva, Valdir Vilmar},
  publisher={Livros Tecnicos e Cientificos},
  year={2002}
}
